@book{ef1,
  AUTHOR    = {?},
  JOURNAL   = {},
  MONTH     = {June},
  PUBLISHER = {?},
  TITLE     = {?},
  YEAR      = {2021},
}

@book{maximin,
  AUTHOR    = {Xiaohui Bei and Shengxin Liu and Xinhang Lu and Hongao Wang},
  JOURNAL   = {},
  MONTH     = {June},
  PUBLISHER = {Springer Science},
  TITLE     = {Maximin fairness with mixed divisible and indivisible goods},
  YEAR      = {2021},
}

@book{mixed-goods,
  AUTHOR    = {Xiaohui Bei and Shengxin Liu and Xinhang Lu and Jinyan Liu and Zihao Li},
  JOURNAL   = {},
  MONTH     = {January},
  PUBLISHER = {Unknown},
  TITLE     = {Fair Division of Mixed Divisible and Indivisible Goods},
  YEAR      = {2021},
}

@book{mixed-manna,
  AUTHOR    = {Rucha Kulkarni and Ruta Mehta and Setareh Taki},
  JOURNAL   = {},
  MONTH     = {April},
  PUBLISHER = {Unknown},
  TITLE     = {Indivisible Mixed Manna: On the Computability of MMS+PO Allocations},
  YEAR      = {2021},
}

@book{mixed-resources,
  AUTHOR    = {Bhaskar, Umang and Sricharan, A. R. and Vaish, Rohit},
  PUBLISHER = {Schloss Dagstuhl -- Leibniz-Zentrum f{\"u}r Informatik},
  TITLE     = {On Approximate Envy-Freeness for Indivisible Chores and Mixed Resources},
  YEAR      = {2021},
}